Restaurant Name,sales,Open Date,latitude,longitude,Lat/Long,City,Region,Store Type,Sunday - Wendesday,Thursday,Friday,Family Section,Drive-Thru
1001,10000,10/10/1981,24.68060049,46.73487378,"24.6806004921263,46.734873779637",Riyadh,Central,FREE STANDING,9:00 AM to 2:00 AM,9:00 AM to 3:00 AM,12:00 PM to 2:00 AM,YES,YES
1002,15000,6/24/1982,24.69408918,46.69843497,"24.6940891841241,46.6984349717933",Riyadh,Central,FRONT BUILDING,9:00 AM to 2:00 AM,9:00 AM to 3:00 AM,12:00 PM to 2:00 AM,NO,NO
1003,20000,3/11/1982,24.66554974,46.7107826,"24.6655497385276,46.7107826032333",Riyadh,Central,FRONT BUILDING,9:00 AM to 2:00 AM,9:00 AM to 3:00 AM,12:00 PM to 2:00 AM,NO,NO
1004,25000,1/1/1983,24.63995145,46.69310954,"24.6399514458052,46.6931095437733",Riyadh,Central,FRONT BUILDING,9:00 AM to 2:00 AM,9:00 AM to 3:00 AM,12:00 PM to 2:00 AM,NO,NO
1005,30000,6/29/2005,26.45486785,50.10603604,"26.4548678526179,50.1060360408636",Dammam,Eastern,MALL,9am to 12 am,9am to 12 am,1pm to 12 am,NO,NO
1007,35000,9/26/1984,24.59809888,46.68485821,"24.5980988750723,46.6848582103492",Riyadh,Central,FREE STANDING,9:00 AM to 2:00 AM,9:00 AM to 3:00 AM,12:00 PM to 2:00 AM,YES,YES
1008,40000,1/12/1985,24.72918277,46.76773203,"24.7291827662076,46.7677320290491",Riyadh,Central,FREE STANDING,9:00 AM to 2:00 AM,9:00 AM to 3:00 AM,12:00 PM to 2:00 AM,YES,YES
1009,45000,6/22/2009,26.36151079,43.96291158,"26.3615107865063,43.9629115777695",Buraidah,Central,FREE STANDING,9:00 AM to 2:00 AM,9:00 AM to 3:00 AM,12:00 PM to 2:00 AM,YES,YES
1010,50000,11/24/1986,24.74253103,46.80794035,"24.7425310289314,46.8079403459221",Riyadh,Central,FREE STANDING,9:00 AM to 2:00 AM,9:00 AM to 3:00 AM,12:00 PM to 2:00 AM,YES,YES
1012,55000,8/9/1987,26.09467998,43.98666891,"26.0946799803617,43.9866689054587",Unaizah,Central,FRONT BUILDING,9:00 AM to 2:00 AM,9:00 AM to 3:00 AM,12:00 PM to 2:00 AM,YES,NO
1013,60000,10/4/1989,24.16388879,47.33261172,"24.1638887927443,47.3326117227207",Al-Kharj,Central,FRONT BUILDING,9:00 AM to 2:00 AM,9:00 AM to 3:00 AM,12:00 PM to 2:00 AM,NO,NO
1014,65000,2/5/1989,18.24173986,42.7719466,"18.241739855995,42.7719465981434",Khamis,Southern,FRONT BUILDING,9:00 AM to 2:00 AM,9:00 AM to 3:00 AM,12:00 PM to 2:00 AM,NO,NO
1015,70000,12/5/1988,24.76095905,46.67368656,"24.7609590540952,46.673686564348",Riyadh,Central,FRONT BUILDING,9:00 AM to 2:00 AM,9:00 AM to 3:00 AM,12:00 PM to 2:00 AM,NO,NO
1016,75000,5/11/1988,24.68995712,46.7605164,"24.6899571216112,46.7605164044581",Riyadh,Central,FREE STANDING,9:00 AM to 2:00 AM,9:00 AM to 3:00 AM,12:00 PM to 2:00 AM,YES,NO
1017,80000,2/16/2006,24.57436762,46.69600019,"24.5743676227696,46.6960001943401",Riyadh,Central,FRONT BUILDING,9:00 AM to 2:00 AM,9:00 AM to 3:00 AM,12:00 PM to 2:00 AM,YES,NO
1018,85000,10/7/1989,24.69864415,46.66877071,"24.6986441532467,46.6687707128416",Riyadh,Central,FRONT BUILDING,9:00 AM to 2:00 AM,9:00 AM to 3:00 AM,12:00 PM to 2:00 AM,NO,NO
1019,90000,10/2/2005,24.56165258,46.70782143,"24.561652582756,46.7078214263482",Riyadh,Central,FRONT BUILDING,9:00 AM to 2:00 AM,9:00 AM to 3:00 AM,12:00 PM to 2:00 AM,YES,NO
1020,95000,9/26/2007,26.28664707,50.18383513,"26.2866470658574,50.1838351264894",Al Khobar,Eastern,MALL,12:00pm to 12:00am,12:00pm to 12:00am,12:00pm to 12:00am,NO,NO
1021,100000,6/12/1989,24.59959442,46.64481525,"24.5995944226297,46.6448152500285",Riyadh,Central,FRONT BUILDING,9:00 AM to 2:00 AM,9:00 AM to 3:00 AM,12:00 PM to 2:00 AM,NO,NO
1022,105000,4/14/1990,18.30538506,42.69967355,"18.3053850603404,42.6996735471797",Khamis,Southern,FRONT BUILDING,9:00 AM to 2:00 AM,9:00 AM to 3:00 AM,12:00 PM to 2:00 AM,YES,NO
1024,110000,10/30/1991,26.36446132,43.93686076,"26.364461319457,43.9368607607355",Buraidah,Central,FREE STANDING,9:00 AM to 2:00 AM,9:00 AM to 3:00 AM,12:00 PM to 2:00 AM,NO,YES
1025,115000,11/21/1992,25.88098566,43.48897613,"25.8809856561502,43.4889761257637",Al-Raas,Central,FRONT BUILDING,9:00 AM to 2:00 AM,9:00 AM to 3:00 AM,12:00 PM to 2:00 AM,NO,YES
1026,120000,9/16/2009,24.56891091,46.83494332,"24.5689109111449,46.8349433220406",Riyadh,Central,FREE STANDING,9:00 AM to 2:00 AM,9:00 AM to 3:00 AM,12:00 PM to 2:00 AM,YES,YES
1028,125000,12/3/1994,18.28699567,42.67553101,"18.2869956710175,42.6755310142735",Khamis,Southern,FRONT BUILDING,9:00 AM to 2:00 AM,9:00 AM to 3:00 AM,12:00 PM to 2:00 AM,NO,NO
1029,130000,9/20/1995,24.74012561,46.74981173,"24.7401256126826,46.7498117296171",Riyadh,Central,FREE STANDING,9:00 AM to 2:00 AM,9:00 AM to 3:00 AM,12:00 PM to 2:00 AM,YES,YES
1030,135000,11/28/1995,24.71565522,46.80034233,"24.7156552165727,46.800342326551",Riyadh,Central,FREE STANDING,9:00 AM to 2:00 AM,9:00 AM to 3:00 AM,12:00 PM to 2:00 AM,YES,YES
1033,140000,10/10/1994,21.6076973,39.1262262,"21.6076972964649,39.1262261973547",Jeddah,Western,FRONT BUILDING,9:00 AM to 2:00 AM,9:00 AM to 3:00 AM,12:00 PM to 2:00 AM,YES,NO
1034,145000,6/9/2008,21.57282268,39.18012745,"21.5728226769816,39.1801274474678",Jeddah,Western,FRONT BUILDING,9:00 AM to 2:00 AM,9:00 AM to 3:00 AM,12:00 PM to 2:00 AM,NO,NO
1035,150000,1/18/1999,18.21804405,42.51349733,"18.218044047635,42.5134973255125",Abha,Southern,FRONT BUILDING,9:00 AM to 2:00 AM,9:00 AM to 3:00 AM,12:00 PM to 2:00 AM,YES,NO
1036,155000,2/12/1997,18.26452836,42.74269099,"18.2645283575145,42.7426909860953",Abha,Southern,FRONT BUILDING,9:00 AM to 2:00 AM,9:00 AM to 3:00 AM,12:00 PM to 2:00 AM,NO,NO
1037,160000,1/27/1998,16.88328653,42.58488722,"16.8832865314077,42.5848872173745",Jizan,Southern,FRONT BUILDING,9:00 AM to 2:00 AM,9:00 AM to 3:00 AM,12:00 PM to 2:00 AM,NO,NO
1038,165000,4/9/1996,26.32623534,43.99240982,"26.3262353441261,43.9924098239264",Buraidah,Central,FREE STANDING,9:00 AM to 2:00 AM,9:00 AM to 3:00 AM,12:00 PM to 2:00 AM,YES,YES
1039,170000,12/10/1996,26.09260629,43.99727692,"26.0926062863369,43.9972769165849",Unaizah,Central,FREE STANDING,9:00 AM to 2:00 AM,9:00 AM to 3:00 AM,12:00 PM to 2:00 AM,YES,YES
1040,175000,5/25/1999,18.23054349,42.55149047,"18.2305434866394,42.5514904728773",Abha,Southern,FREE STANDING,9:00 AM to 2:00 AM,9:00 AM to 3:00 AM,12:00 PM to 2:00 AM,YES,NO
1041,180000,2/7/1996,24.67664047,46.7702537,"24.6766404651019,46.7702537031923",Riyadh,Central,FREE STANDING,9:00 AM to 2:00 AM,9:00 AM to 3:00 AM,12:00 PM to 2:00 AM,YES,YES
1042,185000,3/25/1996,24.57757071,46.57578614,"24.5775707137796,46.5757861420566",Riyadh,Central,FREE STANDING,9:00 AM to 2:00 AM,9:00 AM to 3:00 AM,12:00 PM to 2:00 AM,YES,NO
1043,190000,3/18/1997,24.76509861,46.80926032,"24.7650986134962,46.8092603238879",Riyadh,Central,FREE STANDING,9:00 AM to 2:00 AM,9:00 AM to 3:00 AM,12:00 PM to 2:00 AM,YES,YES
1044,195000,2/15/1996,24.6885621,46.65064828,"24.6885620980034,46.6506482826669",Riyadh,Central,FREE STANDING,9:00 AM to 2:00 AM,9:00 AM to 3:00 AM,12:00 PM to 2:00 AM,YES,YES
1045,200000,1/17/1996,24.6754856,46.67518912,"24.6754856000858,46.6751891184406",Riyadh,Central,FRONT BUILDING,9:00 AM to 2:00 AM,9:00 AM to 3:00 AM,12:00 PM to 2:00 AM,NO,NO
1046,205000,4/16/1997,24.76230768,46.7461612,"24.76230767821,46.7461612038826",Riyadh,Central,FRONT BUILDING,9:00 AM to 2:00 AM,9:00 AM to 3:00 AM,12:00 PM to 2:00 AM,NO,NO
1048,210000,12/18/1996,25.42466058,49.57327392,"25.4246605795271,49.5732739235962",Al Ahsa,Eastern,FRONT BUILDING,9:00 AM to 2:00 AM,9:00 AM to 3:00 AM,12:00 PM to 2:00 AM,NO,NO
1049,215000,3/29/1998,26.55702747,50.01388871,"26.5570274653421,50.0138887058677",Qateef,Eastern,FRONT BUILDING,9:00 AM to 2:00 AM,9:00 AM to 3:00 AM,12:00 PM to 2:00 AM,NO,NO
1050,220000,10/31/2004,26.29009989,50.21985208,"26.2900998899141,50.2198520813195",Al Khobar,Eastern,FRONT BUILDING,9:00 AM to 2:00 AM,9:00 AM to 3:00 AM,12:00 PM to 2:00 AM,NO,NO
1051,225000,9/29/1998,26.45018537,50.11916418,"26.4501853732134,50.1191641832309",Dammam,Eastern,FREE STANDING,9:00 AM to 2:00 AM,9:00 AM to 3:00 AM,12:00 PM to 2:00 AM,YES,YES
1052,230000,2/9/1997,26.45375689,50.09681965,"26.4537568906798,50.0968196477131",Dammam,Eastern,FRONT BUILDING,9:00 AM to 2:00 AM,9:00 AM to 3:00 AM,12:00 PM to 2:00 AM,NO,NO
1053,235000,6/15/1999,26.40687748,50.08221376,"26.4068774787992,50.0822137599314",Dammam,Eastern,FRONT BUILDING,9:00 AM to 2:00 AM,9:00 AM to 3:00 AM,12:00 PM to 2:00 AM,YES,YES
1054,240000,1/15/1999,26.43581941,50.08469852,"26.4358194086446,50.0846985227748",Dammam,Eastern,FREE STANDING,9:00 AM to 2:00 AM,9:00 AM to 3:00 AM,12:00 PM to 2:00 AM,YES,YES
1056,245000,8/7/1998,24.58380121,46.61701163,"24.583801212232,46.6170116278491",Riyadh,Central,FREE STANDING,9:00 AM to 2:00 AM,9:00 AM to 3:00 AM,12:00 PM to 2:00 AM,YES,YES
1057,250000,5/30/2000,26.41560458,50.11673203,"26.4156045756749,50.1167320337226",Dammam,Eastern,FREE STANDING,9:00 AM to 2:00 AM,9:00 AM to 3:00 AM,12:00 PM to 2:00 AM,YES,YES
1058,255000,5/8/2001,26.26900451,50.18969181,"26.2690045117352,50.1896918132813",Al Khobar,Eastern,FREE STANDING,9:00 AM to 2:00 AM,9:00 AM to 3:00 AM,12:00 PM to 2:00 AM,YES,YES
1059,260000,4/7/2001,27.00849916,49.66037162,"27.0084991557604,49.6603716239384",Jubail,Eastern,FREE STANDING,9:00 AM to 2:00 AM,9:00 AM to 3:00 AM,12:00 PM to 2:00 AM,YES,YES
1060,265000,4/11/1999,24.74208006,46.82635431,"24.7420800578453,46.8263543116481",Riyadh,Central,FREE STANDING,9:00 AM to 2:00 AM,9:00 AM to 3:00 AM,12:00 PM to 2:00 AM,YES,YES
1061,270000,6/9/1999,24.68921409,46.85282929,"24.6892140927722,46.8528292855065",Riyadh,Central,FREE STANDING,9:00 AM to 2:00 AM,9:00 AM to 3:00 AM,12:00 PM to 2:00 AM,YES,NO
1062,275000,5/16/2001,24.7010966,46.67581699,"24.701096604402,46.675816993475",Riyadh,Central,FRONT BUILDING,9:00 AM to 2:00 AM,9:00 AM to 3:00 AM,12:00 PM to 2:00 AM,NO,NO
1063,280000,2/21/2008,24.61518798,46.75695699,"24.6151879839507,46.7569569935165",Riyadh,Central,FREE STANDING,9:00 AM to 2:00 AM,9:00 AM to 3:00 AM,12:00 PM to 2:00 AM,YES,YES
1064,285000,9/16/2008,24.16559089,47.33372281,"24.1655908889198,47.3337228063033",Al-Kharj,Central,MALL,9AM TO 12PM/4PM TO 12AM,9AM TO 12PM/4PM TO 12AM,4PM TO 12AM,NO,NO
1065,290000,6/22/2000,24.76437971,46.78493476,"24.7643797134014,46.7849347551064",Riyadh,Central,FREE STANDING,9:00 AM to 2:00 AM,9:00 AM to 3:00 AM,12:00 PM to 2:00 AM,YES,YES
1066,295000,3/10/2007,24.60644449,46.70762992,"24.6064444897048,46.7076299215584",Riyadh,Central,FRONT BUILDING,9:00 AM to 2:00 AM,9:00 AM to 3:00 AM,12:00 PM to 2:00 AM,YES,NO
1067,300000,4/1/2000,24.63788213,46.70315471,"24.6378821329994,46.7031547129048",Riyadh,Central,FREE STANDING,9:00 AM to 2:00 AM,9:00 AM to 3:00 AM,12:00 PM to 2:00 AM,YES,YES
1068,305000,3/26/2008,24.7439972,46.65797186,"24.7439972010604,46.6579718570277",Riyadh,Central,MALL,9:00 AM TO 12:00 AM,9:00 AM TO 1:00AM,12:30PM TO 1:00AM,NO,NO
1070,310000,11/7/1999,18.20288338,42.51750427,"18.2028833750754,42.5175042675713",Abha,Southern,FRONT BUILDING,9:00 AM to 2:00 AM,9:00 AM to 3:00 AM,12:00 PM to 2:00 AM,NO,NO
1071,315000,11/25/2003,25.86725479,43.48986357,"25.8672547877812,43.4898635661651",Al-Raas,Central,FRONT BUILDING,9:00 AM to 2:00 AM,9:00 AM to 3:00 AM,12:00 PM to 2:00 AM,NO,NO
1072,320000,2/12/2001,26.37236349,43.93769103,"26.3723634895177,43.9376910275702",Buraidah,Central,FREE STANDING,9:00 AM to 2:00 AM,9:00 AM to 3:00 AM,12:00 PM to 2:00 AM,YES,YES
1073,325000,2/22/2002,24.76015544,46.71763474,"24.7601554410597,46.7176347445638",Riyadh,Central,FRONT BUILDING,9:00 AM to 2:00 AM,9:00 AM to 3:00 AM,12:00 PM to 2:00 AM,YES,NO
1074,330000,3/7/2011,24.58699771,46.76150705,"24.5869977124719,46.7615070548322",Riyadh,Central,FRONT BUILDING,9:00 AM to 2:00 AM,9:00 AM to 3:00 AM,12:00 PM to 2:00 AM,NO,NO
1076,335000,10/2/2003,24.85532848,46.77832442,"24.8553284809598,46.7783244227099",Riyadh,Central,FRONT BUILDING,9:00 AM to 2:00 AM,9:00 AM to 3:00 AM,12:00 PM to 2:00 AM,NO,NO
1077,340000,7/16/2003,24.5803742,46.63081992,"24.5803741999711,46.6308199241894",Riyadh,Central,FRONT BUILDING,9:00 AM to 2:00 AM,9:00 AM to 3:00 AM,12:00 PM to 2:00 AM,NO,NO
1078,345000,1/27/2004,24.59004455,46.77626042,"24.5900445500317,46.7762604242116",Riyadh,Central,FRONT BUILDING,9:00 AM to 2:00 AM,9:00 AM to 3:00 AM,12:00 PM to 2:00 AM,YES,NO
1079,350000,9/23/2007,26.3748705,43.93578022,"26.3748704981148,43.9357802247656",Buraidah,Central,MALL,3:00 PM TO 1:00AM,12:00 PM to 1 :00AM,3:00 PM TO 1:00 AM,NO,NO
1080,355000,9/28/1999,28.41464889,45.97028935,"28.4146488948369,45.9702893463119",Hafer Baten,Northern,FREE STANDING,9:00 AM to 2:00 AM,9:00 AM to 3:00 AM,12:00 PM to 2:00 AM,YES,YES
1081,360000,6/19/2000,27.99341024,45.55849018,"27.9934102430692,45.5584901802554",Hafer Baten,Northern,FREE STANDING,9:00 AM to 2:00 AM,9:00 AM to 3:00 AM,12:00 PM to 2:00 AM,YES,YES
1082,365000,8/15/2002,26.41435342,50.03063162,"26.4143534180738,50.0306316228056",Dammam,Eastern,FREE STANDING,9:00 AM to 2:00 AM,9:00 AM to 3:00 AM,12:00 PM to 2:00 AM,YES,YES
1083,370000,3/12/2002,26.46531529,50.11466311,"26.4653152934405,50.1146631090606",Dammam,Eastern,AMUSEMENT,9AM TO 12PM/4PM TO 12AM,9AM TO 12PM/4PM TO 12AM,4PM TO 12AM,NO,NO
1084,375000,12/25/2002,26.41328708,50.07138297,"26.4132870766496,50.0713829726263",Dammam,Eastern,MALL,9:00am to 12:00am,9:00am to 12:00am,9:00am to 12:00am,NO,NO
1085,380000,9/16/2000,28.40840704,36.56136574,"28.4084070388876,36.561365741391",Tabouk,Northern,FRONT BUILDING,9:00 AM to 2:00 AM,9:00 AM to 3:00 AM,12:00 PM to 2:00 AM,NO,NO
1088,385000,2/10/2002,27.52333035,41.69880407,"27.5233303468896,41.6988040727919",Hail,Northern,MALL,FROM12 PM-TO 12 AM,FROM12 PM-TO 12 AM,FROM 1 PM TO 12 AM,NO,NO
1089,390000,11/7/2004,24.72877395,46.78357003,"24.7287739504153,46.7835700300338",Riyadh,Central,FREE STANDING,9:00 AM to 2:00 AM,9:00 AM to 3:00 AM,12:00 PM to 2:00 AM,YES,YES
1090,395000,5/19/2004,24.57365195,46.69499055,"24.5736519514339,46.6949905451836",Riyadh,Central,FREE STANDING,9:00 AM to 2:00 AM,9:00 AM to 3:00 AM,12:00 PM to 2:00 AM,YES,YES
1091,400000,3/5/2004,24.74944367,46.77306485,"24.7494436688125,46.7730648541182",Riyadh,Central,FRONT BUILDING,9:00 AM to 2:00 AM,9:00 AM to 3:00 AM,12:00 PM to 2:00 AM,NO,NO
1092,405000,5/4/2005,24.75127861,46.57414988,"24.7512786057614,46.5741498758671",Riyadh,Central,FRONT BUILDING,9:00 AM to 2:00 AM,9:00 AM to 3:00 AM,12:00 PM to 2:00 AM,YES,NO
1093,410000,7/31/2004,24.70721094,46.69017908,"24.707210937107,46.6901790775319",Riyadh,Central,FRONT BUILDING,9:00 AM to 2:00 AM,9:00 AM to 3:00 AM,12:00 PM to 2:00 AM,NO,NO
1094,415000,6/24/2004,24.74016987,46.68229953,"24.7401698651886,46.6822995276631",Riyadh,Central,MALL,9:00 AM TO 12:00 AM,9:00 AM TO 1:00AM,12:30PM TO 1:00AM,NO,NO
1095,420000,8/16/2005,24.55837365,46.70408434,"24.5583736528,46.704084336215",Riyadh,Central,FRONT BUILDING,9:00 AM to 2:00 AM,9:00 AM to 3:00 AM,12:00 PM to 2:00 AM,NO,NO
1096,425000,1/20/2005,21.58395082,39.10962757,"21.5839508233799,39.1096275747809",Jeddah,Western,FRONT BUILDING,9:00 AM to 2:00 AM,9:00 AM to 3:00 AM,12:00 PM to 2:00 AM,NO,NO
1097,430000,1/20/2005,24.15613791,47.30159407,"24.1561379091756,47.3015940666677",Al-Kharj,Central,MALL,9AM TO 12PM/4PM TO 12AM,9AM TO 12PM/4PM TO 12AM,4PM TO 12AM,NO,NO
1098,435000,3/11/2004,24.6073917,46.65348561,"24.6073917044529,46.6534856090145",Riyadh,Central,MALL,4.00PM TO 12.00A.M,4.00PM TO 12.00A.M,4.00PM TO 12:30AM,NO,NO
1099,440000,9/30/2004,24.76909691,46.76405808,"24.7690969097888,46.7640580780676",Riyadh,Central,MALL,3:30-1:00 AM,3:30-2:00 AM,3:30-2:00 AM,NO,NO
1100,445000,8/28/2005,24.57038068,46.68993306,"24.5703806822533,46.6899330621153",Riyadh,Central,FRONT BUILDING,9:00 AM to 2:00 AM,9:00 AM to 3:00 AM,12:00 PM to 2:00 AM,NO,NO
1101,450000,9/23/2005,24.78089031,46.73157136,"24.7808903125998,46.7315713604457",Riyadh,Central,MALL,8:30-1-00AM,8:30-2:00AM,8:30-2:00AM,NO,NO
1102,455000,11/13/2004,24.66796128,46.78258415,"24.6679612828722,46.7825841452949",Riyadh,Central,FRONT BUILDING,9:00 AM to 2:00 AM,9:00 AM to 3:00 AM,12:00 PM to 2:00 AM,NO,NO
1103,460000,4/5/2006,26.32425447,50.16499542,"26.3242544729254,50.1649954218852",Al Khobar,Eastern,FREE STANDING,9:00 AM to 2:00 AM,9:00 AM to 3:00 AM,12:00 PM to 2:00 AM,YES,YES
1104,465000,3/12/2007,24.731013,46.76249812,"24.7310129977988,46.762498118221",Riyadh,Central,FREE STANDING,9:00 AM to 2:00 AM,9:00 AM to 3:00 AM,12:00 PM to 2:00 AM,YES,YES
1105,470000,7/31/2006,26.13638413,43.64962119,"26.1363841278608,43.6496211851631",Bukariah,Central,FREE STANDING,9:00 AM to 2:00 AM,9:00 AM to 3:00 AM,12:00 PM to 2:00 AM,YES,YES
1106,475000,10/3/2014,24.77166054,46.66893973,"24.7716605439301,46.6689397253783",Riyadh,Central,MALL,9AM TO 12AM,9AM TO 12AM,4PM TO 12AM,NO,NO
1107,480000,2/25/2010,24.77950923,46.75005246,"24.7795092339477,46.7500524640443",Riyadh,Central,FRONT BUILDING,9:00 AM to 2:00 AM,9:00 AM to 3:00 AM,12:00 PM to 2:00 AM,NO,NO
1108,485000,10/1/2006,24.72347397,46.66508927,"24.7234739671252,46.6650892695306",Riyadh,Central,MALL,9:00 AM TO 12:00 AM,9:00 AM TO 1:00AM,12:30PM TO 1:00AM,NO,NO
1109,490000,6/20/2006,24.65887707,46.78316613,"24.6588770739593,46.7831661320157",Riyadh,Central,MALL,12:30pm-12:00Am,12:30pm-1Am,12:30pm-1Am,NO,NO
1110,495000,5/24/2006,24.75594939,46.65749611,"24.7559493877869,46.6574961069393",Riyadh,Central,FRONT BUILDING,9:00 AM to 2:00 AM,9:00 AM to 3:00 AM,12:00 PM to 2:00 AM,NO,NO
1111,500000,7/16/2007,18.2332204,42.50502008,"18.2332204009951,42.5050200783453",Abha,Southern,FREE STANDING,9:00 AM to 2:00 AM,9:00 AM to 3:00 AM,12:00 PM to 2:00 AM,NO,YES
1112,505000,6/20/2006,18.3077894,42.75256776,"18.307789400806,42.752567760294",Khamis,Southern,FRONT BUILDING,9:00 AM to 2:00 AM,9:00 AM to 3:00 AM,12:00 PM to 2:00 AM,NO,NO
1113,510000,5/14/2006,18.2394069,42.6038595,"18.2394069012359,42.6038594979524",Abha,Southern,MALL,4pm-1:30am,4pm-2:30am,4pm-2:30am,NO,NO
1114,515000,12/6/2006,18.23397738,42.50596696,"18.2339773750598,42.5059669595496",Abha,Southern,MALL,4pm-1:30am,4pm-2:30am,4pm-2:30am,NO,NO
1115,520000,12/29/2006,18.23552257,42.50002263,"18.2355225677558,42.5000226320179",Abha,Southern,FRONT BUILDING,9:00 AM to 2:00 AM,9:00 AM to 3:00 AM,12:00 PM to 2:00 AM,NO,NO
1116,525000,6/29/2009,21.57517984,39.19602295,"21.5751798414999,39.1960229480516",Jeddah,Western,MALL,9:30am to 1:00am,9:30am to 1:00am,1:00PM TO 1:00AM,NO,NO
1118,530000,7/16/2011,21.62738075,39.11258656,"21.6273807489977,39.1125865608651",Jeddah,Western,MALL,9:30am to 1:00am,9:30am to 1:00am,1:00PM TO 1:00AM,NO,NO
1119,535000,10/21/2006,24.56103792,46.68149299,"24.5610379240435,46.6814929941149",Riyadh,Central,MALL,12:30pm-12:00Am,12:30pm-1Am,12:30pm-1Am,NO,NO
1120,540000,7/10/2013,24.72786082,46.78477429,"24.7278608248304,46.7847742885339",Riyadh,Central,MALL,12:30pm-12:00Am,12:30pm-1Am,12:30pm-1Am,NO,NO
1121,545000,6/9/2009,24.69410572,46.78400681,"24.6941057237707,46.7840068131826",Riyadh,Central,FREE STANDING,9:00 AM to 2:00 AM,9:00 AM to 3:00 AM,12:00 PM to 2:00 AM,YES,YES
1122,550000,10/21/2006,28.37586124,36.58024526,"28.3758612390218,36.5802452640431",Tabouk,Northern,FREE STANDING,9:00 AM to 2:00 AM,9:00 AM to 3:00 AM,12:00 PM to 2:00 AM,YES,NO
1123,555000,12/17/2007,24.7622773,46.79984829,"24.7622772970789,46.7998482912656",Riyadh,Central,FRONT BUILDING,9:00 AM to 2:00 AM,9:00 AM to 3:00 AM,12:00 PM to 2:00 AM,NO,NO
1124,560000,2/3/2008,24.79699488,46.6989196,"24.7969948794915,46.6989196035031",Riyadh,Central,FREE STANDING,9:00 AM to 2:00 AM,9:00 AM to 3:00 AM,12:00 PM to 2:00 AM,NO,NO
1125,565000,1/8/2007,26.40072543,50.10505964,"26.4007254278246,50.1050596424192",Dammam,Eastern,FREE STANDING,9:00 AM to 2:00 AM,9:00 AM to 3:00 AM,12:00 PM to 2:00 AM,YES,YES
1126,570000,11/26/2007,24.71997912,46.69052832,"24.7199791178872,46.6905283156787",Riyadh,Central,FRONT BUILDING,9:00 AM to 2:00 AM,9:00 AM to 3:00 AM,12:00 PM to 2:00 AM,NO,NO
1127,575000,10/12/2007,24.80257991,46.79200748,"24.802579911219,46.7920074752611",Riyadh,Central,FREE STANDING,9:00 AM to 2:00 AM,9:00 AM to 3:00 AM,12:00 PM to 2:00 AM,YES,YES
1128,580000,2/13/2008,24.77816877,46.7745111,"24.7781687713142,46.774511102655",Riyadh,Central,FREE STANDING,9:00 AM to 2:00 AM,9:00 AM to 3:00 AM,12:00 PM to 2:00 AM,YES,NO
1129,585000,3/17/2008,25.24350513,45.25785778,"25.2435051259451,45.2578577820893",Shaqra,Central,FREE STANDING,9:00 AM to 2:00 AM,9:00 AM to 3:00 AM,12:00 PM to 2:00 AM,YES,YES
1130,590000,10/2/2008,24.56918229,46.6189883,"24.5691822928673,46.6189882955011",Riyadh,Central,FREE STANDING,9:00 AM to 2:00 AM,9:00 AM to 3:00 AM,12:00 PM to 2:00 AM,NO,NO
1131,595000,7/31/2006,26.05015756,43.55611084,"26.0501575589498,43.556110835503",Khabra,Central,FRONT BUILDING,9:00 AM to 2:00 AM,9:00 AM to 3:00 AM,12:00 PM to 2:00 AM,YES,NO
1132,600000,1/24/2007,24.74365859,46.67983445,"24.7436585936569,46.6798344508412",Riyadh,Central,MALL,9:00 AM TO 12:00 AM,9:00 AM TO 1:00AM,12:30PM TO 1:00AM,NO,NO
1133,605000,4/23/2007,25.86716651,44.21324947,"25.8671665061135,44.2132494690852",Muzneb,Central,FRONT BUILDING,9:00 AM to 2:00 AM,9:00 AM to 3:00 AM,12:00 PM to 2:00 AM,NO,NO
1135,610000,10/2/2007,24.77308104,46.73353409,"24.7730810372334,46.7335340901928",Riyadh,Central,AMUSEMENT,01:00 PM - 12:00 AM,01:00 PM - 12:00 AM,03:00 PM - 12:00 AM,NO,NO
1134,615000,5/23/2007,27.50602868,41.6989582,"27.5060286772175,41.6989582041809",Hail,Northern,FREE STANDING,9:00 AM to 2:00 AM,9:00 AM to 3:00 AM,12:00 PM to 2:00 AM,YES,NO
1137,620000,5/9/2007,24.75607443,46.68438018,"24.7560744344707,46.6843801802733",Riyadh,Central,FRONT BUILDING,9:00 AM to 2:00 AM,9:00 AM to 3:00 AM,12:00 PM to 2:00 AM,YES,NO
1138,625000,10/4/2008,24.80991197,46.62353854,"24.809911967166,46.6235385372582",Riyadh,Central,MALL,9:00 AM TO 12:00 AM,9:00 AM TO 1:00AM,12:30PM TO 1:00AM,NO,NO
1139,630000,9/10/2007,28.40077002,36.56362416,"28.4007700163956,36.5636241558565",Tabouk,Northern,FRONT BUILDING,9:00 AM to 2:00 AM,9:00 AM to 3:00 AM,12:00 PM to 2:00 AM,NO,NO
1140,635000,3/5/2008,25.85882471,43.49747392,"25.8588247097186,43.4974739240356",Al-Raas,Central,FRONT BUILDING,9:00 AM to 2:00 AM,9:00 AM to 3:00 AM,12:00 PM to 2:00 AM,NO,NO
1141,640000,12/19/2009,25.89742688,45.35069861,"25.8974268767834,45.3506986112002",Majmaa,Central,FREE STANDING,9:00 AM to 2:00 AM,9:00 AM to 3:00 AM,12:00 PM to 2:00 AM,YES,YES
1142,645000,12/15/2007,25.40021949,49.5785769,"25.4002194888612,49.578576898597",Al Ahsa,Eastern,MALL,9:00 AM TO 2:00PM,9:00am to 1:00am,11:00am to 1:00am,NO,NO
1143,650000,1/27/2010,25.37151353,49.56521228,"25.3715135310969,49.5652122800134",Al Ahsa,Eastern,FREE STANDING,9:00 AM to 2:00 AM,9:00 AM to 3:00 AM,12:00 PM to 2:00 AM,YES,YES
1145,655000,5/13/2008,24.75076125,46.82302467,"24.75076124565,46.8230246749943",Riyadh,Central,MALL,09:00 AM - 01:00 AM,09:00 AM - 02:00 AM,01:00 PM - 02:00 AM,NO,NO
1144,660000,1/27/2010,26.70341979,50.05463742,"26.7034197937009,50.0546374177444",Rastanurah,Eastern,FREE STANDING,9:00 AM to 2:00 AM,9:00 AM to 3:00 AM,12:00 PM to 2:00 AM,YES,YES
1146,665000,7/17/2011,24.79134904,46.63249515,"24.791349042602,46.6324951535968",Riyadh,Central,FRONT BUILDING,9:00 AM to 2:00 AM,9:00 AM to 3:00 AM,12:00 PM to 2:00 AM,YES,NO
1147,670000,5/28/2009,24.79091963,46.63162348,"24.7909196275477,46.6316234824828",Riyadh,Central,FRONT BUILDING,9:00 AM to 2:00 AM,9:00 AM to 3:00 AM,12:00 PM to 2:00 AM,YES,NO
1148,675000,3/8/2009,24.68544567,46.77504857,"24.6854456740442,46.7750485727477",Riyadh,Central,MALL,9 AM TO 1 AM,9 AM TO 1 AM,11 AM TO 1 AM,NO,NO
1149,680000,9/29/2008,26.08702612,43.9601353,"26.0870261228846,43.9601353013577",Unaizah,Central,FRONT BUILDING,9:00 AM to 2:00 AM,9:00 AM to 3:00 AM,12:00 PM to 2:00 AM,NO,NO
1150,685000,4/30/2010,24.59467174,46.60366785,"24.5946717398639,46.6036678487144",Riyadh,Central,FREE STANDING,9:00 AM to 2:00 AM,9:00 AM to 3:00 AM,12:00 PM to 2:00 AM,YES,YES
1151,690000,3/26/2009,24.5954608,46.5839248,"24.5954608006292,46.5839248042015",Riyadh,Central,FREE STANDING,9:00 AM to 2:00 AM,9:00 AM to 3:00 AM,12:00 PM to 2:00 AM,YES,YES
1152,695000,4/16/2009,24.55836136,46.63661143,"24.5583613585082,46.6366114316267",Riyadh,Central,MALL,9:30-12:00 am,9:30-12:00 am,1:00-12:00 am,NO,NO
1153,700000,4/14/2016,24.71449628,46.6351563,"24.7144962790163,46.6351562976623",Riyadh,Central,FREE STANDING,9:00 AM to 2:00 AM,9:00 AM to 3:00 AM,12:00 PM to 2:00 AM,YES,YES
1154,705000,5/13/2009,24.72813198,46.85102625,"24.7281319759863,46.8510262464326",Riyadh,Central,FREE STANDING,9:00 AM to 2:00 AM,9:00 AM to 3:00 AM,12:00 PM to 2:00 AM,YES,YES
1155,710000,4/22/2009,24.78095738,46.79748472,"24.7809573757898,46.7974847235309",Riyadh,Central,FREE STANDING,9:00 AM to 2:00 AM,9:00 AM to 3:00 AM,12:00 PM to 2:00 AM,YES,YES
1156,715000,4/22/2009,24.74494586,46.66040982,"24.7449458623051,46.6604098191217",Riyadh,Central,MALL,9:00 AM TO 12:00 AM,9:00 AM TO 1:00AM,12:30PM TO 1:00AM,NO,NO
1157,720000,1/31/2012,24.71111463,46.84411469,"24.7111146288476,46.8441146934502",Riyadh,Central,FREE STANDING,9:00 AM to 2:00 AM,9:00 AM to 3:00 AM,12:00 PM to 2:00 AM,YES,YES
1158,725000,1/27/2010,24.69157344,46.67049648,"24.6915734427556,46.6704964803678",Riyadh,Central,MALL,8.30 TO 1.00,8.30 TO 1.30,12.30 TO 1.30,NO,NO
1159,730000,6/29/2010,24.58477762,46.66310845,"24.5847776221736,46.6631084500465",Riyadh,Central,FREE STANDING,9:00 AM to 2:00 AM,9:00 AM to 3:00 AM,12:00 PM to 2:00 AM,NO,YES
1160,735000,12/30/2008,24.45942298,39.58431984,"24.459422978332,39.5843198350969",Madinah,Western,MALL,9:00AM to 2:00AM,9:00AM to 2:00AM,1:00PM to 2:00AM,NO,NO
1161,740000,10/6/2010,24.45447256,39.54380902,"24.4544725605089,39.5438090180394",Madinah,Western,FREE STANDING,9:00 AM to 2:00 AM,9:00 AM to 3:00 AM,12:00 PM to 2:00 AM,NO,YES
1162,745000,8/12/2008,24.49644092,39.59498186,"24.4964409172412,39.5949818567588",Madinah,Western,MALL,9:00AM to 2:00AM,9:00AM to 2:00AM,1:00PM to 2:00AM,NO,NO
1163,750000,4/27/2011,17.5492975,44.25667289,"17.5492974994449,44.2566728880281",Najran,Southern,FREE STANDING,9:00 AM to 2:00 AM,9:00 AM to 3:00 AM,12:00 PM to 2:00 AM,YES,YES
1164,755000,3/26/2009,17.55046042,44.25806561,"17.5504604192934,44.2580656088811",Najran,Southern,MALL,9:00 AM -1:00AM,9:00 AM -1:00AM,1:00PM 1:00 AM,NO,NO
1165,760000,7/16/2015,24.45502994,39.61839558,"24.4550299435767,39.6183955752937",Madinah,Western,FRONT BUILDING,9:00 AM to 2:00 AM,9:00 AM to 3:00 AM,12:00 PM to 2:00 AM,NO,NO
1166,765000,7/23/2009,18.25128103,42.79029403,"18.2512810261596,42.790294027712",Khamis,Southern,FRONT BUILDING,9:00 AM to 2:00 AM,9:00 AM to 3:00 AM,12:00 PM to 2:00 AM,NO,NO
1167,770000,3/28/2009,24.48811544,39.6492362,"24.4881154434575,39.649236204732",Madinah,Western,MALL,9:00AM to 2:00AM,9:00AM to 2:00AM,1:00PM to 2:00AM,NO,NO
1168,775000,8/2/2011,16.90109334,42.55065218,"16.9010933419615,42.5506521819416",Jizan,Southern,FREE STANDING,9:00 AM to 2:00 AM,9:00 AM to 3:00 AM,12:00 PM to 2:00 AM,NO,YES
1169,780000,7/4/2010,25.33005996,49.54972924,"25.3300599617162,49.5497292381184",Al Ahsa,Eastern,MALL,9:00 AM TO 2:00PM,9:00am to 12:00am,11:00am to 12:00am,NO,NO
1170,785000,7/4/2010,24.74430514,46.62114214,"24.7443051400785,46.6211421395603",Riyadh,Central,FRONT BUILDING,9:00 AM to 2:00 AM,9:00 AM to 3:00 AM,12:00 PM to 2:00 AM,YES,NO
1171,790000,10/2/2011,24.03415558,38.19353513,"24.0341555815584,38.1935351321016",Yanbu,Western,MALL,9:00AM TO 12:30AM,9:00AM TO 1:00AM,1:00PM TO 1:00AM,NO,NO
1172,795000,1/11/2011,26.31752983,44.0365508,"26.3175298346991,44.0365507975969",Buraidah,Central,FREE STANDING,9:00 AM to 2:00 AM,9:00 AM to 3:00 AM,12:00 PM to 2:00 AM,YES,NO
1173,800000,6/8/2011,26.36767355,43.96233035,"26.3676735542379,43.9623303520533",Buraidah,Central,MALL,3:00 PM TO 1:00 AM,10:00AM to 1 :00 AM,3:00 PM TO 1:00 AM,NO,NO
1174,805000,8/12/2008,26.41560739,43.91503673,"26.4156073927128,43.9150367250217",Buraidah,Central,FREE STANDING,9:00 AM to 2:00 AM,9:00 AM to 3:00 AM,12:00 PM to 2:00 AM,NO,YES
1175,810000,5/13/2010,26.39683158,43.92596497,"26.3968315831405,43.9259649721121",Buraidah,Central,FREE STANDING,9:00 AM to 2:00 AM,9:00 AM to 3:00 AM,12:00 PM to 2:00 AM,YES,NO
1176,815000,7/2/2010,25.9891175,43.71785716,"25.9891175019179,43.7178571560808",Badiaa,Central,FREE STANDING,9:00 AM to 2:00 AM,9:00 AM to 3:00 AM,12:00 PM to 2:00 AM,YES,YES
1177,820000,4/14/2015,24.12879554,47.26427151,"24.1287955427094,47.2642715075588",Al-Kharj,Central,FRONT BUILDING,9:00 AM to 2:00 AM,9:00 AM to 3:00 AM,12:00 PM to 2:00 AM,NO,NO
1178,825000,4/26/2010,29.63005059,43.5201818,"29.6300505868813,43.5201817987037",Rafhaa,Northern,FRONT BUILDING,9:00 AM to 2:00 AM,9:00 AM to 3:00 AM,12:00 PM to 2:00 AM,YES,NO
1179,830000,5/31/2010,30.97102779,41.0331573,"30.9710277898565,41.0331572955204",Ar-Ar,Northern,FRONT BUILDING,9:00 AM to 2:00 AM,9:00 AM to 3:00 AM,12:00 PM to 2:00 AM,NO,NO
1180,835000,1/27/2010,26.46194842,50.06493424,"26.4619484233969,50.0649342424418",Dammam,Eastern,MALL,11:30am to 12:00am,11:30am to 12:00am,11:30am to 12:00am,NO,NO
1181,840000,2/26/2011,16.90201426,42.55396987,"16.902014262892,42.5539698655152",Jizan,Southern,MALL,10:00AM - 12:30 AM,10:00AM - 12:30 AM,1:00PM - 12:30AM,NO,NO
1182,845000,1/1/2012,24.63208701,46.56414237,"24.6320870112995,46.5641423713461",Riyadh,Central,FREE STANDING,9:00 AM to 2:00 AM,9:00 AM to 3:00 AM,12:00 PM to 2:00 AM,YES,NO
1183,850000,8/9/2010,24.63706265,46.58839349,"24.6370626518578,46.5883934889791",Riyadh,Central,FREE STANDING,9:00 AM to 2:00 AM,9:00 AM to 3:00 AM,12:00 PM to 2:00 AM,NO,NO
1184,855000,11/15/2010,26.40163551,50.06509032,"26.401635507151,50.0650903151948",Dammam,Eastern,FREE STANDING,9:00 AM to 2:00 AM,9:00 AM to 3:00 AM,12:00 PM to 2:00 AM,YES,NO
1185,860000,7/9/2010,24.60820969,46.65461512,"24.608209685407,46.6546151195019",Riyadh,Central,MALL,4.00PM TO 12.00A.M,4.00PM TO 12.00A.M,4.00PM TO 12:30AM,NO,NO
1187,865000,4/26/2011,26.09200426,43.9737575,"26.0920042601991,43.9737575035124",Unaizah,Central,MALL,3:00 PM TO 1:00 AM,3:00 PM TO 1:00 AM,3:00 PM TO 1:00 AM,NO,NO
1188,870000,4/9/2013,24.48804105,39.63604911,"24.4880410510016,39.6360491093629",Madinah,Western,FREE STANDING,9:00 AM to 2:00 AM,9:00 AM to 3:00 AM,12:00 PM to 2:00 AM,YES,YES
1189,875000,6/7/2011,24.43392915,39.59141829,"24.4339291529748,39.5914182885885",Madinah,Western,FREE STANDING,9:00 AM to 2:00 AM,9:00 AM to 3:00 AM,12:00 PM to 2:00 AM,YES,YES
1190,880000,12/22/2010,26.40055181,50.11689797,"26.4005518100245,50.1168979714082",Dammam,Eastern,MALL,11:am to 12:00am,11:00am to 1:00am,1:00pm to 12:30am,NO,NO
1191,885000,1/1/2014,24.58295285,46.68663179,"24.58295285031,46.6866317881209",Riyadh,Central,FREE STANDING,9:00 AM to 2:00 AM,9:00 AM to 3:00 AM,12:00 PM to 2:00 AM,YES,NO
1192,890000,12/26/2011,21.39126825,39.88438634,"21.391268254797,39.8843863375439",Makkah,Western,MALL,9:00 AM -1:00AM,9:00 AM -1:00AM,1:00PM -1:00 AM,NO,NO
1193,895000,10/29/2011,20.01023479,41.48000546,"20.010234789487,41.4800054594867",Al Baha,Southern,FRONT BUILDING,9:00 AM to 2:00 AM,9:00 AM to 3:00 AM,12:00 PM to 2:00 AM,NO,NO
1194,900000,3/12/2012,29.95112964,40.22416079,"29.9511296375829,40.2241607915556",Sakaka,Northern,FREE STANDING,9:00 AM to 2:00 AM,9:00 AM to 3:00 AM,12:00 PM to 2:00 AM,YES,YES
1195,905000,12/19/2012,24.6130937,46.68203851,"24.6130937018708,46.6820385096751",Riyadh,Central,FREE STANDING,9:00 AM to 2:00 AM,9:00 AM to 3:00 AM,12:00 PM to 2:00 AM,YES,YES
1196,910000,5/23/2011,16.90866328,42.54725567,"16.9086632781326,42.5472556730362",Jizan,Southern,MALL,01:00 PM - 12:00 AM,01:00 PM - 01:00 AM,01:00 PM - 01:00 AM,NO,NO
1197,915000,7/25/2014,20.00891603,42.62267741,"20.0089160339842,42.6226774088214",Al Bisha,Southern,FREE STANDING,9:00 AM to 2:00 AM,9:00 AM to 3:00 AM,12:00 PM to 2:00 AM,YES,YES
1198,920000,9/14/2011,24.08892978,38.04858889,"24.0889297848941,38.0485888920367",Yanbu,Western,MALL,9:00AM TO 12:30AM,9:00AM TO 1:00AM,4:30PM TO 1:00AM,NO,NO
1199,925000,3/8/2011,24.71141603,46.67450641,"24.7114160273048,46.6745064114088",Riyadh,Central,MALL,9:00 AM TO 12:00 AM,9:00 AM TO 1:00AM,12:30PM TO 1:00AM,NO,NO
1200,930000,5/19/2012,24.15674092,47.30343246,"24.1567409200024,47.303432462387",Al-Kharj,Central,FREE STANDING,9:00 AM to 2:00 AM,9:00 AM to 3:00 AM,12:00 PM to 2:00 AM,NO,YES
1201,935000,9/29/2011,26.30664796,44.82792279,"26.3066479588507,44.8279227863752",Zulfi,Central,FRONT BUILDING,9:00 AM to 2:00 AM,9:00 AM to 3:00 AM,12:00 PM to 2:00 AM,NO,NO
1202,940000,7/14/2013,21.50832518,39.22331751,"21.5083251804978,39.2233175091467",Jeddah,Western,MALL,9:30am to 1:00am,9:30am to 1:00am,1:00PM TO 1:00AM,NO,NO
1203,945000,3/3/2012,24.52745978,44.42494857,"24.5274597759821,44.4249485693807",Dawadmi,Central,FREE STANDING,9:00 AM to 2:00 AM,9:00 AM to 3:00 AM,12:00 PM to 2:00 AM,YES,YES
1204,950000,2/27/2013,18.29375502,42.75296602,"18.2937550205445,42.7529660199963",Khamis,Southern,FREE STANDING,9:00 AM to 2:00 AM,9:00 AM to 3:00 AM,12:00 PM to 2:00 AM,YES,NO
1205,955000,12/12/2012,26.34361622,50.13887038,"26.343616224565,50.1388703849987",Al Khobar,Eastern,FREE STANDING,9:00 AM to 2:00 AM,9:00 AM to 3:00 AM,12:00 PM to 2:00 AM,YES,YES
1206,960000,12/29/2011,26.30624238,50.16883084,"26.3062423820468,50.1688308404023",Al Khobar,Eastern,MALL,9:45am to 12 pm,9:45am to 12 pm,9:45am to 12 pm,NO,NO
1207,965000,10/25/2012,24.80887084,46.76213161,"24.8088708447182,46.7621316058386",Riyadh,Central,FREE STANDING,9:00 AM to 2:00 AM,9:00 AM to 3:00 AM,12:00 PM to 2:00 AM,NO,NO
1208,970000,7/12/2011,21.52754196,39.17924829,"21.5275419626656,39.1792482901218",Jeddah,Western,MALL,9:30am to 1:00am,9:30am to 1:00am,1:00PM TO 1:00AM,NO,NO
1209,975000,11/22/2012,24.57297178,46.54639998,"24.5729717763251,46.5463999814672",Riyadh,Central,FREE STANDING,9:00 AM to 2:00 AM,9:00 AM to 3:00 AM,12:00 PM to 2:00 AM,YES,NO
1210,980000,1/1/2012,24.6621326,46.70102276,"24.6621325992849,46.7010227573077",Riyadh,Central,FRONT BUILDING,9:00 AM to 2:00 AM,9:00 AM to 3:00 AM,12:00 PM to 2:00 AM,NO,NO
1211,985000,6/29/2014,21.25828574,40.40931892,"21.2582857445369,40.4093189160293",Taif,Western,FREE STANDING,9:00 AM to 2:00 AM,9:00 AM to 3:00 AM,12:00 PM to 2:00 AM,NO,NO
1212,990000,2/13/2013,21.43698803,40.48218789,"21.4369880346009,40.4821878876336",Taif,Western,FREE STANDING,9:00 AM to 2:00 AM,9:00 AM to 3:00 AM,12:00 PM to 2:00 AM,YES,NO
1214,995000,4/22/2012,24.68768604,46.58584117,"24.6876860449979,46.5858411652399",Riyadh,Central,FREE STANDING,9:00 AM to 2:00 AM,9:00 AM to 3:00 AM,12:00 PM to 2:00 AM,YES,NO
1215,1000000,8/31/2014,26.40013261,50.11559355,"26.4001326053481,50.1155935496462",Dammam,Eastern,FRONT BUILDING,9:00 AM to 2:00 AM,9:00 AM to 3:00 AM,12:00 PM to 2:00 AM,NO,NO
1216,1005000,8/17/2012,24.06721679,45.29319119,"24.0672167880459,45.2931911939709",Qawiaiyah,Central,FREE STANDING,9:00 AM to 2:00 AM,9:00 AM to 3:00 AM,12:00 PM to 2:00 AM,NO,YES
1217,1010000,3/3/2016,26.36141975,50.20643925,"26.3614197483774,50.2064392486203",Al Khobar,Eastern,FREE STANDING,9:00 AM to 2:00 AM,9:00 AM to 3:00 AM,12:00 PM to 2:00 AM,YES,YES
1218,1015000,9/11/2014,26.41258465,50.07382122,"26.4125846462876,50.0738212217122",Dammam,Eastern,FRONT BUILDING,9:00 AM to 2:00 AM,9:00 AM to 3:00 AM,12:00 PM to 2:00 AM,NO,NO
1219,1020000,7/1/2015,26.39054561,43.94883575,"26.3905456149107,43.9488357496943",Buraidah,Central,FREE STANDING,9:00 AM to 2:00 AM,9:00 AM to 3:00 AM,12:00 PM to 2:00 AM,YES,YES
1220,1025000,8/29/2011,21.40044057,39.78061546,"21.4004405740737,39.7806154614787",Makkah,Western,FREE STANDING,9:00 AM to 2:00 AM,9:00 AM to 3:00 AM,12:00 PM to 2:00 AM,YES,YES
1221,1030000,6/26/2013,24.16163588,47.32982363,"24.1616358833874,47.3298236266991",Al-Kharj,Central,FREE STANDING,9:00 AM to 2:00 AM,9:00 AM to 3:00 AM,12:00 PM to 2:00 AM,YES,YES
1223,1035000,5/31/2014,29.93182886,40.18705616,"29.9318288623078,40.1870561562753",Sakaka,Northern,FREE STANDING,9:00 AM to 2:00 AM,9:00 AM to 3:00 AM,12:00 PM to 2:00 AM,NO,YES
1224,1040000,5/25/2014,29.97217932,40.19873684,"29.9721793245882,40.1987368367907",Sakaka,Northern,FREE STANDING,9:00 AM to 2:00 AM,9:00 AM to 3:00 AM,12:00 PM to 2:00 AM,NO,YES
1225,1045000,5/27/2014,18.21875721,42.48725861,"18.218757211874,42.4872586071154",Abha,Southern,FRONT BUILDING,9:00 AM to 2:00 AM,9:00 AM to 3:00 AM,12:00 PM to 2:00 AM,NO,NO
1226,1050000,7/29/2014,26.25785924,50.20383826,"26.2578592394495,50.2038382641073",Al Khobar,Eastern,FREE STANDING,9:00 AM to 2:00 AM,9:00 AM to 3:00 AM,12:00 PM to 2:00 AM,YES,YES
1227,1055000,9/25/2014,26.19639579,50.19326717,"26.1963957852354,50.1932671689726",Al Khobar,Eastern,FREE STANDING,9:00 AM to 2:00 AM,9:00 AM to 3:00 AM,12:00 PM to 2:00 AM,YES,YES
1228,1060000,5/1/2014,26.41943246,50.02011532,"26.4194324563469,50.0201153229975",Dammam,Eastern,FREE STANDING,9:00 AM to 2:00 AM,9:00 AM to 3:00 AM,12:00 PM to 2:00 AM,NO,NO
1229,1065000,5/15/2014,26.37032865,50.06542827,"26.3703286488709,50.0654282734694",Dammam,Eastern,FREE STANDING,9:00 AM to 2:00 AM,9:00 AM to 3:00 AM,12:00 PM to 2:00 AM,NO,YES
1230,1070000,6/11/2015,24.01756873,38.19532473,"24.0175687250823,38.1953247329087",Yanbu,Western,FRONT BUILDING,9:00 AM to 2:00 AM,9:00 AM to 3:00 AM,12:00 PM to 2:00 AM,NO,NO
1232,1075000,9/9/2013,26.38608796,43.96382594,"26.3860879550747,43.9638259423906",Buraidah,Central,FREE STANDING,9:00 AM to 2:00 AM,9:00 AM to 3:00 AM,12:00 PM to 2:00 AM,YES,NO
1233,1080000,5/4/2014,18.19542037,42.82087344,"18.1954203667237,42.8208734400335",Khamis,Southern,FREE STANDING,9:00 AM to 2:00 AM,9:00 AM to 3:00 AM,12:00 PM to 2:00 AM,YES,YES
1234,1085000,4/7/2015,24.10688783,38.02754044,"24.1068878278054,38.0275404421058",Yanbu,Western,FREE STANDING,9:00 AM to 2:00 AM,9:00 AM to 3:00 AM,12:00 PM to 2:00 AM,NO,NO
1235,1090000,12/29/2013,24.83812236,46.60883908,"24.8381223622333,46.6088390787518",Riyadh,Central,FREE STANDING,9:00 AM to 2:00 AM,9:00 AM to 3:00 AM,12:00 PM to 2:00 AM,NO,NO
1236,1095000,6/16/2013,24.80294731,46.60460386,"24.8029473127294,46.6046038586935",Riyadh,Central,FREE STANDING,9:00 AM to 2:00 AM,9:00 AM to 3:00 AM,12:00 PM to 2:00 AM,YES,NO
1237,1100000,2/4/2014,24.57210608,46.66418003,"24.5721060769298,46.6641800307455",Riyadh,Central,FREE STANDING,9:00 AM to 2:00 AM,9:00 AM to 3:00 AM,12:00 PM to 2:00 AM,NO,YES
1238,1105000,9/19/2014,24.66852623,46.80668534,"24.6685262255202,46.8066853367784",Riyadh,Central,FREE STANDING,9:00 AM to 2:00 AM,9:00 AM to 3:00 AM,12:00 PM to 2:00 AM,NO,YES
1239,1110000,9/3/2014,24.82496502,46.74982136,"24.8249650223942,46.7498213623518",Riyadh,Central,FREE STANDING,9:00 AM to 2:00 AM,9:00 AM to 3:00 AM,12:00 PM to 2:00 AM,YES,YES
1240,1115000,7/28/2014,21.58530567,39.10844913,"21.5853056662951,39.1084491324073",Jeddah,Western,FREE STANDING,9:00 AM to 2:00 AM,9:00 AM to 3:00 AM,12:00 PM to 2:00 AM,NO,NO
1241,1120000,2/2/2014,24.68300811,46.8143892,"24.6830081060285,46.8143891991598",Riyadh,Central,FREE STANDING,9:00 AM to 2:00 AM,9:00 AM to 3:00 AM,12:00 PM to 2:00 AM,YES,NO
1242,1125000,12/30/2015,24.80678263,46.87324383,"24.8067826261981,46.8732438279254",Riyadh,Central,FREE STANDING,9:00 AM to 2:00 AM,9:00 AM to 3:00 AM,12:00 PM to 2:00 AM,NO,NO
1243,1130000,9/26/2014,24.73776389,46.78170278,"24.7377638888888,46.7817027777777",Riyadh,Central,FREE STANDING,9:00 AM to 2:00 AM,9:00 AM to 3:00 AM,12:00 PM to 2:00 AM,YES,YES
1244,1135000,9/23/2015,24.77795644,46.82384434,"24.77795643553,46.8238443414227",Riyadh,Central,FREE STANDING,9:00 AM to 2:00 AM,9:00 AM to 3:00 AM,12:00 PM to 2:00 AM,YES,NO
1245,1140000,3/10/2017,26.33410734,50.17981481,"26.3341073399133,50.1798148076782",Al Khobar,Eastern,FREE STANDING,9:00 AM to 2:00 AM,9:00 AM to 3:00 AM,12:00 PM to 2:00 AM,YES,YES
1246,1145000,12/25/2014,24.55328383,46.56421029,"24.5532838290744,46.5642102918163",Riyadh,Central,FREE STANDING,9:00 AM to 2:00 AM,9:00 AM to 3:00 AM,12:00 PM to 2:00 AM,NO,NO
1247,1150000,12/30/2014,24.81890529,46.77465033,"24.8189052866592,46.7746503257526",Riyadh,Central,FREE STANDING,9:00 AM to 2:00 AM,9:00 AM to 3:00 AM,12:00 PM to 2:00 AM,YES,YES
1248,1155000,10/31/2014,24.64561531,46.54918238,"24.6456153137272,46.5491823758022",Riyadh,Central,FREE STANDING,9:00 AM to 2:00 AM,9:00 AM to 3:00 AM,12:00 PM to 2:00 AM,NO,NO
1249,1160000,11/14/2014,24.83808169,46.76407488,"24.8380816933779,46.7640748794436",Riyadh,Central,FREE STANDING,9:00 AM to 2:00 AM,9:00 AM to 3:00 AM,12:00 PM to 2:00 AM,YES,YES
1250,1165000,10/3/2014,25.87809742,43.52434996,"25.8780974205994,43.524349957852",Al-Raas,Central,FRONT BUILDING,9:00 AM to 2:00 AM,9:00 AM to 3:00 AM,12:00 PM to 2:00 AM,NO,NO
1251,1170000,12/27/2014,28.44242054,48.49296007,"28.442420541162,48.4929600730321",Al Khafji,Eastern,FREE STANDING,9:00 AM to 2:00 AM,9:00 AM to 3:00 AM,12:00 PM to 2:00 AM,NO,YES
1252,1175000,3/19/2015,28.41100123,45.97930794,"28.4110012290263,45.9793079426456",Hafer Baten,Northern,FREE STANDING,9:00 AM to 2:00 AM,9:00 AM to 3:00 AM,12:00 PM to 2:00 AM,NO,NO
1253,1180000,1/31/2015,26.30622307,44.81009023,"26.3062230677304,44.8100902284127",Zulfi,Central,FRONT BUILDING,9:00 AM to 2:00 AM,9:00 AM to 3:00 AM,12:00 PM to 2:00 AM,NO,NO
1254,1185000,6/23/2017,31.33726425,37.32856741,"31.3372642458836,37.3285674077638",Qurrayat,Northern,FREE STANDING,9:00 AM to 2:00 AM,9:00 AM to 3:00 AM,12:00 PM to 2:00 AM,NO,NO
1255,1190000,11/13/2014,24.47704818,46.2886388,"24.4770481808938,46.2886388014085",Riyadh,Central,FRONT BUILDING,9:00 AM to 2:00 AM,9:00 AM to 3:00 AM,12:00 PM to 2:00 AM,NO,NO
1256,1195000,7/30/2015,25.86816164,45.39342446,"25.868161640806,45.3934244605477",Majmaa,Central,FRONT BUILDING,9:00 AM to 2:00 AM,9:00 AM to 3:00 AM,12:00 PM to 2:00 AM,NO,NO
1257,1200000,6/30/2015,25.91061975,45.34461267,"25.910619754587,45.3446126748446",Majmaa,Central,FREE STANDING,9:00 AM to 2:00 AM,9:00 AM to 3:00 AM,12:00 PM to 2:00 AM,NO,YES
1258,1205000,11/11/2014,27.55676753,41.68997812,"27.5567675251066,41.6899781185532",Hail,Northern,FRONT BUILDING,9:00 AM to 2:00 AM,9:00 AM to 3:00 AM,12:00 PM to 2:00 AM,NO,NO
1259,1210000,8/10/2014,27.46855484,41.71827688,"27.4685548354044,41.7182768817372",Hail,Northern,FREE STANDING,9:00 AM to 2:00 AM,9:00 AM to 3:00 AM,12:00 PM to 2:00 AM,YES,YES
1260,1215000,9/25/2014,27.4785917,41.66990111,"27.478591701781,41.6699011141706",Hail,Northern,FREE STANDING,9:00 AM to 2:00 AM,9:00 AM to 3:00 AM,12:00 PM to 2:00 AM,YES,NO
1261,1220000,10/3/2014,27.49526423,41.68090579,"27.4952642331616,41.6809057932964",Hail,Northern,FREE STANDING,9:00 AM to 2:00 AM,9:00 AM to 3:00 AM,12:00 PM to 2:00 AM,YES,YES
1262,1225000,6/30/2015,21.55942878,39.77111467,"21.5594287776173,39.771114669215",Makkah,Western,FREE STANDING,9:00 AM to 2:00 AM,9:00 AM to 3:00 AM,12:00 PM to 2:00 AM,YES,YES
1263,1230000,7/16/2015,17.56768176,44.23069811,"17.5676817634329,44.2306981126528",Najran,Southern,FREE STANDING,9:00 AM to 2:00 AM,9:00 AM to 3:00 AM,12:00 PM to 2:00 AM,YES,NO
1264,1235000,12/24/2014,27.49418337,41.69945746,"27.4941833654427,41.6994574555176",Hail,Northern,MALL,FROM 9 AM-TO 12 AM,FROM 9 AM-TO 12 AM,FROM 1 PM TO 12 AM,NO,NO
1265,1240000,10/9/2015,21.28634575,40.41662469,"21.286345754387,40.4166246905623",Taif,Western,FREE STANDING,9:00 AM to 2:00 AM,9:00 AM to 3:00 AM,12:00 PM to 2:00 AM,YES,NO
1266,1245000,6/30/2015,24.81844245,46.78233672,"24.818442447279,46.7823367227072",Riyadh,Central,FREE STANDING,9:00 AM to 2:00 AM,9:00 AM to 3:00 AM,12:00 PM to 2:00 AM,YES,NO
1267,1250000,6/22/2017,24.73174038,46.67217574,"24.731740375334,46.6721757356511",Riyadh,Central,FRONT BUILDING,9:00 AM to 2:00 AM,9:00 AM to 3:00 AM,12:00 PM to 2:00 AM,YES,NO
1269,1255000,5/26/2015,27.46656222,48.48068429,"27.4665622198557,48.4806842896227",Dammam,Eastern,FREE STANDING,9:00 AM to 2:00 AM,9:00 AM to 3:00 AM,12:00 PM to 2:00 AM,NO,YES
1270,1260000,3/6/2014,24.75033919,46.72547895,"24.7503391899307,46.7254789499082",Riyadh,Central,EXHIBITION,9:00 AM TO 12:00 AM,9:00 AM TO 12:00AM,12:30PM TO 1:00AM,NO,NO
1271,1265000,6/30/2015,24.85893956,46.62406178,"24.858939556469,46.6240617764116",Riyadh,Central,FREE STANDING,9:00 AM to 2:00 AM,9:00 AM to 3:00 AM,12:00 PM to 2:00 AM,YES,NO
1272,1270000,10/3/2014,24.76643151,46.66155227,"24.7664315059956,46.6615522743525",Riyadh,Central,FRONT BUILDING,9:00 AM to 2:00 AM,9:00 AM to 3:00 AM,12:00 PM to 2:00 AM,NO,NO
1273,1275000,10/31/2014,24.76799817,46.71528137,"24.767998170579,46.7152813702799",Riyadh,Central,MALL,9:00 AM TO 12:00 AM,9:00 AM TO 1:00AM,12:30PM TO 1:00AM,NO,NO
1274,1280000,9/25/2014,24.71332002,46.67239802,"24.7133200231825,46.6723980203047",Riyadh,Central,MALL,9:00 AM TO 12:00 AM,9:00 AM TO 1:00AM,12:30PM TO 1:00AM,NO,NO
1275,1285000,3/24/2016,24.81443948,46.75409748,"24.8144394829839,46.7540974803972",Riyadh,Central,FREE STANDING,9:00 AM to 2:00 AM,9:00 AM to 3:00 AM,12:00 PM to 2:00 AM,NO,NO
1276,1290000,10/1/2014,21.36337652,40.4574719,"21.3633765190271,40.4574718951512",Taif,Western,FREE STANDING,9:00 AM to 2:00 AM,9:00 AM to 3:00 AM,12:00 PM to 2:00 AM,YES,NO
1277,1295000,11/30/2014,26.46997906,50.05849226,"26.4699790567611,50.0584922578056",Dammam,Eastern,FRONT BUILDING,9:00 AM to 2:00 AM,9:00 AM to 3:00 AM,12:00 PM to 2:00 AM,NO,NO
1278,1300000,6/23/2017,26.29899628,43.84022119,"26.2989962760355,43.8402211915294",Buraidah,Central,FREE STANDING,9:00 AM to 2:00 AM,9:00 AM to 3:00 AM,12:00 PM to 2:00 AM,NO,NO
1279,1305000,12/18/2014,27.14829425,49.56714129,"27.1482942520127,49.5671412859363",Jubail,Eastern,FREE STANDING,9:00 AM to 2:00 AM,9:00 AM to 3:00 AM,12:00 PM to 2:00 AM,NO,NO
1281,1310000,3/24/2016,26.10664478,43.99370612,"26.1066447786014,43.9937061198644",Unaizah,Central,MALL,9:00 AM TO 2:00PM,9:00 AM TO 2:00PM,9:00 AM TO 2:00PM,NO,NO
1282,1315000,9/28/2016,27.47443174,41.67749495,"27.4744317435772,41.6774949535181",Hail,Northern,MALL,FROM 9 AM-TO 12 AM,FROM 9 AM-TO 12 AM,FROM 1 PM TO 12 AM,NO,NO
1284,1320000,7/5/2016,30.95452367,41.01325212,"30.954523670362,41.0132521191724",Ar-Ar,Northern,MALL,From 10am -To 12am,From 10am - To 1am,From 10am - To 1am,NO,NO
1285,1325000,9/20/2015,24.46209912,46.2996577,"24.4620991230934,46.2996577036595",Riyadh,Central,FRONT BUILDING,9:00 AM to 2:00 AM,9:00 AM to 3:00 AM,12:00 PM to 2:00 AM,NO,NO
1286,1330000,5/19/2016,26.07404943,44.02287372,"26.0740494334373,44.0228737225686",Unaizah,Central,FREE STANDING,9:00 AM to 2:00 AM,9:00 AM to 3:00 AM,12:00 PM to 2:00 AM,YES,NO
1287,1335000,10/1/2014,27.52326121,41.66349246,"27.5232612113528,41.6634924570393",Hail,Northern,MALL,FROM12 PM-TO 12 AM,FROM12 PM-TO 12 AM,FROM 1 PM TO 12 AM,NO,NO
1288,1340000,9/15/2015,31.67862015,38.67568724,"31.6786201525596,38.6756872422435",Turaif,Northern,FREE STANDING,9:00 AM to 2:00 AM,9:00 AM to 3:00 AM,12:00 PM to 2:00 AM,NO,YES
1289,1345000,3/11/2016,26.32866613,44.01014658,"26.3286661344686,44.0101465843109",Buraidah,Central,FREE STANDING,9:00 AM to 2:00 AM,9:00 AM to 3:00 AM,12:00 PM to 2:00 AM,NO,NO
1290,1350000,7/15/2015,20.45975741,44.8069422,"20.459757406838,44.8069421951726",Al Dawasir,Southern,FREE STANDING,9:00 AM to 2:00 AM,9:00 AM to 3:00 AM,12:00 PM to 2:00 AM,NO,YES
1291,1355000,11/27/2014,24.78480089,46.66149493,"24.784800887234,46.6614949251039",Riyadh,Central,FRONT BUILDING,9:00 AM to 2:00 AM,9:00 AM to 3:00 AM,12:00 PM to 2:00 AM,YES,NO
1292,1360000,12/11/2014,24.74517223,46.7065925,"24.745172230612,46.7065924956826",Riyadh,Central,FRONT BUILDING,9:00 AM to 2:00 AM,9:00 AM to 3:00 AM,12:00 PM to 2:00 AM,NO,NO
1293,1365000,12/25/2014,24.81366221,46.63197202,"24.8136622070488,46.631972023967",Riyadh,Central,FRONT BUILDING,9:00 AM to 2:00 AM,9:00 AM to 3:00 AM,12:00 PM to 2:00 AM,NO,NO
1294,1370000,2/12/2015,24.78923792,46.62110536,"24.7892379191604,46.6211053611189",Riyadh,Central,FRONT BUILDING,9:00 AM to 2:00 AM,9:00 AM to 3:00 AM,12:00 PM to 2:00 AM,YES,NO
1295,1375000,2/19/2015,24.80745034,46.73748823,"24.8074503441837,46.7374882313068",Riyadh,Central,FRONT BUILDING,9:00 AM to 2:00 AM,9:00 AM to 3:00 AM,12:00 PM to 2:00 AM,YES,NO
1296,1380000,11/27/2014,24.81169319,46.89986563,"24.811693187177,46.8998656310398",Riyadh,Central,FRONT BUILDING,9:00 AM to 2:00 AM,9:00 AM to 3:00 AM,12:00 PM to 2:00 AM,YES,NO
1297,1385000,12/7/2014,24.49632923,46.62823308,"24.4963292277734,46.6282330787868",Riyadh,Central,FRONT BUILDING,9:00 AM to 2:00 AM,9:00 AM to 3:00 AM,12:00 PM to 2:00 AM,YES,NO
1298,1390000,12/25/2014,24.73343365,46.67852226,"24.7334336535136,46.6785222613964",Riyadh,Central,FRONT BUILDING,9:00 AM to 2:00 AM,9:00 AM to 3:00 AM,12:00 PM to 2:00 AM,NO,NO
1299,1395000,11/30/2014,24.60005318,46.69649689,"24.6000531775426,46.696496889333",Riyadh,Central,MALL,12:30pm-12:00Am,12:30pm-1Am,12:30pm-1Am,NO,NO
1300,1400000,3/7/2016,24.58603393,46.77948644,"24.586033929463,46.779486444149",Riyadh,Central,FREE STANDING,9:00 AM to 2:00 AM,9:00 AM to 3:00 AM,12:00 PM to 2:00 AM,NO,NO
1301,1405000,3/5/2015,25.35959224,49.59051962,"25.3595922401081,49.5905196242339",Al Ahsa,Eastern,FRONT BUILDING,9:00 AM to 2:00 AM,9:00 AM to 3:00 AM,12:00 PM to 2:00 AM,NO,NO
1302,1410000,12/27/2014,25.36181967,49.55355018,"25.3618196670967,49.5535501836409",Al Ahsa,Eastern,FRONT BUILDING,9:00 AM to 2:00 AM,9:00 AM to 3:00 AM,12:00 PM to 2:00 AM,YES,NO
1303,1415000,1/15/2015,16.90620245,42.5438883,"16.906202448114,42.5438883016047",Jizan,Southern,FRONT BUILDING,9:00 AM to 2:00 AM,9:00 AM to 3:00 AM,12:00 PM to 2:00 AM,NO,NO
1304,1420000,12/25/2014,26.32798544,43.96155707,"26.3279854445974,43.9615570741576",Buraidah,Central,FRONT BUILDING,9:00 AM to 2:00 AM,9:00 AM to 3:00 AM,12:00 PM to 2:00 AM,NO,NO
1305,1425000,9/14/2015,26.13597247,43.66608484,"26.1359724670446,43.6660848442919",Bukariah,Central,FRONT BUILDING,9:00 AM to 2:00 AM,9:00 AM to 3:00 AM,12:00 PM to 2:00 AM,NO,NO
1308,1430000,9/17/2015,24.08897236,38.1030974,"24.0889723579737,38.1030974018164",Yanbu,Western,FREE STANDING,9:00 AM to 2:00 AM,9:00 AM to 3:00 AM,12:00 PM to 2:00 AM,YES,YES
1309,1435000,1/26/2016,27.57226929,41.73124096,"27.5722692864778,41.7312409582237",Hail,Northern,FREE STANDING,9:00 AM to 2:00 AM,9:00 AM to 3:00 AM,12:00 PM to 2:00 AM,NO,NO
1310,1440000,6/18/2015,24.79221021,46.67940982,"24.7922102083616,46.6794098237223",Riyadh,Central,FRONT BUILDING,09:00 AM to 02:00 AM,9:00 AM to 3:00 AM,12:00 PM to 2:00 AM,NO,NO
1311,1445000,6/11/2015,21.76383429,39.11402557,"21.7638342857052,39.1140255659321",Jeddah,Western,FRONT BUILDING,09:00 AM to 02:00 AM,9:00 AM to 3:00 AM,12:00 PM to 2:00 AM,NO,NO
1312,1450000,9/8/2016,21.22851359,40.42602372,"21.2285135928471,40.4260237202624",Taif,Western,FRONT BUILDING,09:00 AM to 02:00 AM,9:00 AM to 3:00 AM,12:00 PM to 2:00 AM,NO,NO
1313,1455000,6/7/2015,21.74985188,39.14850473,"21.7498518778491,39.148504730181",Jeddah,Western,FREE STANDING,9:00 AM to 2:00 AM,9:00 AM to 3:00 AM,12:00 PM to 2:00 AM,NO,NO
1314,1460000,3/4/2016,18.32420907,42.69595238,"18.3242090712794,42.6959523821517",Khamis,Southern,FREE STANDING,9:00 AM to 2:00 AM,9:00 AM to 3:00 AM,12:00 PM to 2:00 AM,NO,NO
1315,1465000,12/27/2014,26.38768905,50.14938767,"26.3876890487055,50.149387669743",Dammam,Eastern,FRONT BUILDING,09:00 AM to 02:00 AM,9:00 AM to 3:00 AM,12:00 PM to 2:00 AM,YES,NO
1316,1470000,4/28/2016,21.28465933,40.44424196,"21.2846593344219,40.4442419584649",Taif,Western,FREE STANDING,9:00 AM to 2:00 AM,9:00 AM to 3:00 AM,12:00 PM to 2:00 AM,NO,NO
1317,1475000,6/19/2017,21.29668527,40.42681247,"21.2966852661583,40.4268124700942",Taif,Western,FREE STANDING,9:00 AM to 2:00 AM,9:00 AM to 3:00 AM,12:00 PM to 2:00 AM,NO,NO
1318,1480000,1/14/2017,21.62085005,39.19069771,"21.6208500517987,39.1906977056501",Jeddah,Western,FREE STANDING,9:00 AM to 2:00 AM,9:00 AM to 3:00 AM,12:00 PM to 2:00 AM,NO,YES
1319,1485000,7/29/2015,23.18822552,43.16568743,"23.1882255245305,43.1656874250257",Al Humiyat,Western,FREE STANDING,9:00 AM to 2:00 AM,9:00 AM to 3:00 AM,12:00 PM to 2:00 AM,YES,YES
1320,1490000,12/24/2015,24.66987237,46.75122516,"24.6698723703963,46.7512251608141",Riyadh,Central,FRONT BUILDING,09:00 AM to 02:00 AM,9:00 AM to 3:00 AM,12:00 PM to 2:00 AM,YES,NO
1321,1495000,6/30/2015,24.80987959,46.8761202,"24.8098795856924,46.8761202013553",Riyadh,Central,FRONT BUILDING,09:00 AM to 02:00 AM,9:00 AM to 3:00 AM,12:00 PM to 2:00 AM,YES,NO
1322,1500000,12/31/2015,18.26963512,42.65758288,"18.2696351152384,42.6575828759613",Khamis,Southern,FREE STANDING,9:00 AM to 2:00 AM,9:00 AM to 3:00 AM,12:00 PM to 2:00 AM,NO,NO
1324,1505000,10/11/2015,24.8134292,46.70927702,"24.8134292006271,46.7092770226178",Riyadh,Central,SCHOOL,9:00 AM TO 12:00 AM,9:00 AM TO 1:00AM,12:30PM TO 1:00AM,NO,NO
1325,1510000,4/29/2015,25.86680265,43.50653173,"25.8668026489735,43.5065317275287",Al-Raas,Central,MALL,03:00 PM TO 01:00 AM,03:00 PM TO 01:00 AM,3:00 PM TO 1:00 AM,NO,NO
1326,1515000,12/30/2015,24.53946239,46.66003053,"24.5394623947364,46.66003053216",Riyadh,Central,FREE STANDING,9:00 AM to 2:00 AM,9:00 AM to 3:00 AM,12:00 PM to 2:00 AM,YES,NO
1327,1520000,7/16/2015,24.69281966,46.76454312,"24.6928196645326,46.7645431157602",Riyadh,Central,MALL,01:00 PM - 12:00 AM,01:00 PM - 12:00 AM,03:00 PM - 12:00 AM,NO,NO
1328,1525000,12/10/2015,24.69248071,46.76547683,"24.6924807083158,46.7654768300561",Riyadh,Central,FRONT BUILDING,09:00 AM to 02:00 AM,9:00 AM to 3:00 AM,12:00 PM to 2:00 AM,NO,NO
1329,1530000,12/14/2016,24.77471457,46.77584828,"24.7747145737033,46.7758482802885",Riyadh,Central,MALL,12:30pm-12:00Am,12:30pm-1Am,12:30pm-1Am,NO,NO
1330,1535000,8/31/2015,24.61446792,46.74650383,"24.6144679166375,46.7465038342485",Riyadh,Central,FRONT BUILDING,09:00 AM to 02:00 AM,9:00 AM to 3:00 AM,12:00 PM to 2:00 AM,NO,NO
1331,1540000,9/7/2016,21.59308644,39.22870803,"21.5930864357549,39.2287080314614",Jeddah,Western,MALL,9:30am to 1:00am,9:30am to 1:00am,1:00PM TO 1:00AM,NO,NO
1332,1545000,8/30/2017,22.71689276,42.17051239,"22.7168927555686,42.1705123901986",Afif,Central,FRONT BUILDING,9:00 AM to 2:00 AM,9:00 AM to 3:00 AM,9:00 AM to 3:00 AM,#N/A,YES
1333,1550000,2/10/2016,23.91751583,42.93768829,"23.9175158259506,42.9376882909321",Afif,Central,FREE STANDING,9:00 AM to 2:00 AM,9:00 AM to 3:00 AM,12:00 PM to 2:00 AM,NO,NO
1335,1555000,11/20/2015,23.48365198,46.87764259,"23.4836519773308,46.8776425926735",Hotta,Central,FREE STANDING,9:00 AM to 2:00 AM,9:00 AM to 3:00 AM,12:00 PM to 2:00 AM,NO,NO
1337,1560000,9/2/2017,16.95711052,42.81157899,"16.9571105187765,42.8115789921219",Abu Arish,Southern,FRONT BUILDING,9:00 AM to 2:00 AM,9:00 AM to 3:00 AM,9:00 AM to 3:00 AM,YES,YES
1339,1565000,8/18/2016,27.36086919,35.69100945,"27.3608691923108,35.6910094491076",Tabouk,Northern,FREE STANDING,9:00 AM to 2:00 AM,9:00 AM to 3:00 AM,12:00 PM to 2:00 AM,NO,NO
1342,1570000,7/2/2016,25.37041224,49.72486838,"25.3704122386213,49.7248683755386",Al Ahsa,Eastern,FREE STANDING,9:00 AM to 2:00 AM,9:00 AM to 3:00 AM,12:00 PM to 2:00 AM,NO,NO
1344,1575000,5/26/2017,26.04990675,44.96876619,"26.049906750747,44.968766191203",Al-Ghatt,Central,FREE STANDING,9:00 AM to 2:00 AM,9:00 AM to 3:00 AM,12:00 PM to 2:00 AM,NO,YES
1345,1580000,7/4/2016,24.81491185,46.87772019,"24.8149118498357,46.8777201909524",Riyadh,Central,FREE STANDING,9:00 AM to 2:00 AM,9:00 AM to 3:00 AM,12:00 PM to 2:00 AM,NO,NO
1346,1585000,9/7/2016,24.79015115,46.80902511,"24.790151154654,46.8090251069201",Riyadh,Central,FRONT BUILDING,09:00 AM to 02:00 AM,9:00 AM to 3:00 AM,12:00 PM to 2:00 AM,NO,NO
1347,1590000,9/8/2015,24.72268747,46.65052506,"24.7226874721356,46.650525055196",Riyadh,Central,FRONT BUILDING,09:00 AM to 02:00 AM,9:00 AM to 3:00 AM,12:00 PM to 2:00 AM,NO,NO
1348,1595000,7/15/2015,25.32702428,49.54985669,"25.3270242753338,49.5498566883138",Al Ahsa,Eastern,MALL,12:00pm to 12:00am,12:00pm to 1:00am,12:00pm to 1:00am,NO,NO
1349,1600000,6/30/2015,24.35719572,51.24184328,"24.3571957218007,51.2418432753846",Al Ahsa,Eastern,FRONT BUILDING,09:00 AM to 02:00 AM,9:00 AM to 3:00 AM,12:00 PM to 2:00 AM,NO,NO
1350,1605000,4/21/2016,26.21449835,50.20715209,"26.2144983519666,50.2071520899547",Al Khobar,Eastern,FREE STANDING,9:00 AM to 2:00 AM,9:00 AM to 3:00 AM,12:00 PM to 2:00 AM,NO,NO
1351,1610000,10/20/2016,28.35346698,45.96296101,"28.3534669788615,45.9629610136581",Hafer Baten,Northern,FREE STANDING,9:00 AM to 2:00 AM,9:00 AM to 3:00 AM,12:00 PM to 2:00 AM,NO,NO
1352,1615000,6/24/2017,26.47347594,50.09643289,"26.4734759441542,50.0964328922161",Dammam,Eastern,FRONT BUILDING,09:00 AM to 02:00 AM,9:00 AM to 3:00 AM,12:00 PM to 2:00 AM,NO,NO
1354,1620000,6/19/2017,26.35990343,50.07411321,"26.3599034292457,50.0741132082565",Dammam,Eastern,FRONT BUILDING,09:00 AM to 02:00 AM,9:00 AM to 3:00 AM,12:00 PM to 2:00 AM,NO,NO
1356,1625000,12/22/2016,24.82411897,46.59420644,"24.8241189746316,46.5942064383145",Riyadh,Central,FREE STANDING,9:00 AM to 2:00 AM,9:00 AM to 3:00 AM,12:00 PM to 2:00 AM,YES,YES
1357,1630000,6/22/2017,26.41508121,50.17031892,"26.4150812077847,50.1703189176611",Dammam,Eastern,FREE STANDING,9:00 AM to 2:00 AM,9:00 AM to 3:00 AM,12:00 PM to 2:00 AM,YES,NO
1359,1635000,12/17/2015,27.00387714,49.65935904,"27.0038771426765,49.6593590409721",Jubail,Eastern,MALL,9:30am to 11pm,9:30am to 11pm,2:00pm to 11:00pm,NO,NO
1361,1640000,11/9/2016,21.4238162,39.78253046,"21.4238161972962,39.782530464199",Makkah,Western,MALL,9:00 AM -1:00AM,9:00 AM -1:00AM,1:00PM 1:00 AM,NO,NO
1362,1645000,11/13/2016,21.34492033,39.75470597,"21.3449203292538,39.7547059723842",Makkah,Western,FREE STANDING,9:00 AM to 2:00 AM,9:00 AM to 3:00 AM,12:00 PM to 2:00 AM,YES,YES
1363,1650000,2/26/2017,18.55186919,42.03795681,"18.5518691878444,42.0379568124272",Abha,Southern,FREE STANDING,9:00 AM to 2:00 AM,9:00 AM to 3:00 AM,12:00 PM to 2:00 AM,NO,YES
1364,1655000,6/3/2016,24.1294505,47.26490919,"24.1294504981501,47.2649091942588",Al-Kharj,Central,MALL,9AM TO 12AM,9AM TO 12AM,4PM TO 12AM,NO,NO
1365,1660000,12/6/2015,21.27655447,40.44526776,"21.2765544733629,40.4452677603551",Taif,Western,MALL,12PM -12 AM,12PM -12 AM,2PM -12 AM,NO,NO
1368,1665000,12/24/2016,21.40691504,39.87098793,"21.4069150367177,39.8709879270332",Makkah,Western,FREE STANDING,9:00 AM to 2:00 AM,9:00 AM to 3:00 AM,12:00 PM to 2:00 AM,YES,NO
1369,1670000,12/29/2016,21.35610633,39.88859312,"21.3561063299992,39.8885931150953",Makkah,Western,FREE STANDING,9:00 AM to 2:00 AM,9:00 AM to 3:00 AM,12:00 PM to 2:00 AM,YES,NO
1370,1675000,6/25/2017,25.07233266,37.26741405,"25.0723326648068,37.2674140494759",Umluj,Western,FREE STANDING,9:00 AM to 2:00 AM,9:00 AM to 3:00 AM,12:00 PM to 2:00 AM,NO,NO
1371,1680000,9/8/2016,25.89726086,43.47138063,"25.8972608606793,43.4713806336982",Al-Raas,Central,MALL,3:00 PM TO 2:00 AM,3:00 PM TO 2:00 AM,3:00 PM TO 2:00 AM,NO,NO
1373,1685000,5/31/2016,26.33030759,43.95995625,"26.3303075945051,43.9599562459665",Buraidah,Central,FREE STANDING,9:00 AM to 2:00 AM,9:00 AM to 3:00 AM,12:00 PM to 2:00 AM,NO,NO
1376,1690000,1/28/2016,24.83721521,46.74228927,"24.8372152141994,46.742289273268",Riyadh,Central,FREE STANDING,9:00 AM to 2:00 AM,9:00 AM to 3:00 AM,12:00 PM to 2:00 AM,NO,NO
1377,1695000,6/15/2017,24.84030873,46.78654693,"24.8403087287232,46.7865469281899",Riyadh,Central,FREE STANDING,9:00 AM to 2:00 AM,9:00 AM to 3:00 AM,12:00 PM to 2:00 AM,NO,NO
1378,1700000,12/29/2016,24.55617078,46.49943433,"24.556170779385,46.4994343302515",Riyadh,Central,FREE STANDING,9:00 AM to 2:00 AM,9:00 AM to 3:00 AM,12:00 PM to 2:00 AM,YES,NO
1379,1705000,6/23/2017,24.57792443,46.74919844,"24.5779244346064,46.7491984380865",Riyadh,Central,FREE STANDING,9:00 AM to 2:00 AM,9:00 AM to 3:00 AM,12:00 PM to 2:00 AM,NO,NO
1383,1710000,8/30/2017,26.1579161,49.43850905,"26.1579161044174,49.4385090481963",Al Ahsa,Eastern,FRONT BUILDING,9:00 AM to 2:00 AM,9:00 AM to 3:00 AM,12:00 PM to 2:00 AM,YES,YES
1385,1715000,9/29/2016,28.429811,36.52628751,"28.4298109979362,36.5262875059029",Tabouk,Northern,FREE STANDING,9:00 AM to 2:00 AM,9:00 AM to 3:00 AM,12:00 PM to 2:00 AM,NO,NO
1392,1720000,12/14/2016,24.74493476,46.53003038,"24.744934764374,46.5300303774823",Riyadh,Central,FREE STANDING,9:00 AM to 2:00 AM,9:00 AM to 3:00 AM,12:00 PM to 2:00 AM,YES,NO
1389,1725000,8/30/2017,24.49459839,39.60031509,"24.4945983886718,39.6003150939941",Madinah,Western,MALL,4:00 AM to 1:00 AM,4:00 AM to 1:00 AM,4:00 AM to 1:00 AM,NO,NO
1397,1730000,8/21/2017,23.99739331,47.13902512,"23.9973933127527,47.1390251249407",Ad Dilam,Central,FRONT BUILDING,9:00 AM to 2:00 AM,9:00 AM to 3:00 AM,12:00 PM to 2:00 AM,NO,YES